@book{蒋盛益2011数据挖掘原理与实践,
	title={数据挖掘原理与实践},
	author={蒋盛益 and 李霞 and 郑琪},
	publisher={电子工业出版社},
	year={2011},
}
@article{邓爱林2003基于项目评分预测的协同过滤推荐算法,
	title={基于项目评分预测的协同过滤推荐算法},
	author={邓爱林 and 朱扬勇 and 施伯乐},
	journal={软件学报},
	volume={14},
	number={9},
	pages={1621-1628},
	year={2003},
}
@article{钟浩2011软件库调用规约挖掘,
	title={软件库调用规约挖掘},
	author={钟浩 and 张路 and 梅宏},
	journal={软件学报},
	volume={22},
	number={3},
	pages={408-416},
	year={2011},
}
@book{穆瑞辉1900数据挖掘概念与技术,
	title={数据挖掘概念与技术},
	author={穆瑞辉 and 付欢},
	publisher={机械工业出版社},
	pages={105-106},
	year={1900},
}
@book{王珊1998数据仓库技术与联机分析处理,
	title={数据仓库技术与联机分析处理},
	author={王珊},
	publisher={科学出版社},
	pages={51-54},
	year={1998},
}
@article{李喆2003数据挖掘中的数据预处理与维度优化,
	title={数据挖掘中的数据预处理与维度优化},
	author={李喆 and 王仁超 and 褚春超},
	journal={东北林业大学学报},
	volume={31},
	number={3},
	pages={70-72},
	year={2003},
}
@book{毛国君2016数据挖掘原理与算法,
	title={数据挖掘原理与算法},
	author={毛国君 and 段立娟},
	publisher={清华大学出版社},
	year={2016},
}
@inproceedings{Breese1998Empirical,
	title={Empirical analysis of predictive algorithms for collaborative filtering},
	author={Breese, John S and Heckerman, David and Kadie, Carl},
	booktitle={Fourteenth Conference on Uncertainty in Artificial Intelligence},
	pages={43-52},
	year={1998},
}
